<?xml version="1.0" encoding="UTF-8"?>
<record xmlns="http://www.loc.gov/MARC21/slim" xmlns:xsi="http://www.w3.org/2001/XMLSchema-instance" xsi:schemaLocation="http://www.loc.gov/MARC21/slim http://www.loc.gov/standards/marcxml/schema/MARC21slim.xsd">
<leader>00000cam a22      a 4500</leader>
<controlfield tag="001">002772027</controlfield>
<controlfield tag="003">NNU</controlfield>
<controlfield tag="005">20150125095725.0</controlfield>
<controlfield tag="008">850912s197u    ir       d    000 0 arar</controlfield>
<datafield tag="010" ind1=" " ind2=" ">
<subfield code="a">   84931302</subfield>
</datafield>
<datafield tag="035" ind1=" " ind2=" ">
<subfield code="a">(OCoLC)11616006</subfield>
<subfield code="z">(OCoLC)15065273</subfield>
<subfield code="z">(OCoLC)21690326</subfield>
<subfield code="z">(OCoLC)31110084</subfield>
<subfield code="z">(OCoLC)56750664</subfield>
<subfield code="z">(OCoLC)213768379</subfield>
</datafield>
<datafield tag="040" ind1=" " ind2=" ">
<subfield code="a">DLC</subfield>
<subfield code="b">eng</subfield>
<subfield code="c">DLC</subfield>
<subfield code="d">STF</subfield>
<subfield code="d">OCLCO</subfield>
<subfield code="d">OCLCF</subfield>
<subfield code="d">OCLCQ</subfield>
<subfield code="d">NNU</subfield>
</datafield>
<datafield tag="041" ind1="0" ind2=" ">
<subfield code="a">ara</subfield>
<subfield code="a">per</subfield>
</datafield>
<datafield tag="050" ind1="0" ind2="0">
<subfield code="a">PJ6636.P4</subfield>
<subfield code="b">S3 1970z</subfield>
</datafield>
<datafield tag="100" ind1="1" ind2=" ">
<subfield code="6">880-01</subfield>
<subfield code="a">Ṣafīʹpūr, ʻAbd al-Raḥīm ibn ʻAbd al-Karīm.</subfield>
</datafield>
<datafield tag="245" ind1="1" ind2="0">
<subfield code="6">880-02</subfield>
<subfield code="a">Muntahá al-arab fī lughat al-ʻArab :</subfield>
<subfield code="b">farhang-i ʻArabī bi-Fārsī /</subfield>
<subfield code="c">taʼlīf ʻAbd al-Raḥīm ibn ʻAbd al-Karīm Ṣafīʹpūr.</subfield>
</datafield>
<datafield tag="246" ind1="1" ind2="0">
<subfield code="6">880-03</subfield>
<subfield code="a">Muntahá al-arab fī lughat al-ʻArab</subfield>
</datafield>
<datafield tag="260" ind1=" " ind2=" ">
<subfield code="6">880-04</subfield>
<subfield code="a">[Ṭihrān :</subfield>
<subfield code="b">Kitābkhānah-ʼī Sanāʼī,</subfield>
<subfield code="c">197-?]</subfield>
</datafield>
<datafield tag="300" ind1=" " ind2=" ">
<subfield code="a">4 volumes in 2 (1398 pages) ;</subfield>
<subfield code="c">36 cm</subfield>
</datafield>
<datafield tag="336" ind1=" " ind2=" ">
<subfield code="a">text</subfield>
<subfield code="b">txt</subfield>
<subfield code="2">rdacontent</subfield>
</datafield>
<datafield tag="337" ind1=" " ind2=" ">
<subfield code="a">unmediated</subfield>
<subfield code="b">n</subfield>
<subfield code="2">rdamedia</subfield>
</datafield>
<datafield tag="338" ind1=" " ind2=" ">
<subfield code="a">volume</subfield>
<subfield code="b">nc</subfield>
<subfield code="2">rdacarrier</subfield>
</datafield>
<datafield tag="500" ind1=" " ind2=" ">
<subfield code="a">Arabic and Persian.</subfield>
</datafield>
<datafield tag="500" ind1=" " ind2=" ">
<subfield code="a">Reprint. Originally published: Calcutta, 1836-1841.</subfield>
</datafield>
<datafield tag="650" ind1=" " ind2="0">
<subfield code="a">Arabic language</subfield>
<subfield code="v">Dictionaries</subfield>
<subfield code="x">Persian.</subfield>
</datafield>
<datafield tag="650" ind1=" " ind2="7">
<subfield code="a">Arabic language.</subfield>
<subfield code="2">fast</subfield>
<subfield code="0">(OCoLC)fst00812287</subfield>
</datafield>
<datafield tag="655" ind1=" " ind2="7">
<subfield code="a">Dictionaries.</subfield>
<subfield code="2">fast</subfield>
<subfield code="0">(OCoLC)fst01423826</subfield>
</datafield>
<datafield tag="776" ind1="0" ind2="8">
<subfield code="i">Online version:</subfield>
<subfield code="a">Ṣafīʹpūr, ʻAbd al-Raḥīm ibn ʻAbd al-Karīm.</subfield>
<subfield code="t">Muntahá al-arab fī lughat al-ʻArab.</subfield>
<subfield code="d">[Tehran] : Kitābkhānah-ʼī Sanāʼī, 197-]</subfield>
<subfield code="w">(OCoLC)649010488</subfield>
</datafield>
<datafield tag="880" ind1="1" ind2=" ">
<subfield code="6">100-01/</subfield>
<subfield code="a">صفيپور، عبد الرحيم بن عبد الكريم.</subfield>
</datafield>
<datafield tag="880" ind1="1" ind2="0">
<subfield code="6">245-02/</subfield>
<subfield code="a">:منتهى الارب في لغة العرب</subfield>
<subfield code="b">فرهنگ عربى-‌بفارسى /</subfield>
<subfield code="c">تاليف عبد الرحيم بن عبد الكريم صفى‌پور.</subfield>
</datafield>
<datafield tag="880" ind1="1" ind2="0">
<subfield code="6">246-03/</subfield>
<subfield code="a">منتهى الارب في لغة العرب</subfield>
</datafield>
<datafield tag="880" ind1=" " ind2=" ">
<subfield code="6">260-04/</subfield>
<subfield code="a">[طهران :</subfield>
<subfield code="b">كتابخانۀ سنائى،</subfield>
<subfield code="c">197-?]</subfield>
</datafield>
<datafield tag="OWN" ind1=" " ind2=" ">
<subfield code="a">GENERAL</subfield>
</datafield>
<datafield tag="AVA" ind1=" " ind2=" ">
<subfield code="a">NYU50</subfield>
<subfield code="b">BOBST</subfield>
<subfield code="c">Main Collection</subfield>
<subfield code="d">PJ6636.P4 S3 1970x Oversize</subfield>
<subfield code="e">unavailable</subfield>
<subfield code="t">Unavailable</subfield>
<subfield code="f">2</subfield>
<subfield code="g">2</subfield>
<subfield code="h">Y</subfield>
<subfield code="i">0</subfield>
<subfield code="j">MAIN</subfield>
<subfield code="k">0</subfield>
</datafield>
</record>
